@online{Calc_AFB,
    author = "Laurent Thomas",
    title = "Calculation of the forward-backward asymmetry in the Drell-Yan
process at leading order",
    url  = "https://iihe.ac.be/~lathomas/PHYSF416_2022/DYcrosssectioncalculation.pdf",
    addendum = "(accessed: 21.11.2023)",
    school = "Université Libre de Bruxelles"
}
@online{Matrice_tree_main,
    author = "Max Vanden Bemden",
    title = "Annexe au correctif de la séance 3 :
Démonstration de $|M|^2$ pour l’interaction $e^+e^- \rightarrow q \bar{q}$",
    url  = "https://homepage.iihe.ac.be/~vandenbe/Teaching/PHYS-F-477/newFormat/Seance3/Annexe_seance3.pdf",
    addendum = "(accessed: 02.05.2024)",
    school = "Université Libre de Bruxelles"
}
@online{Sol_ee-qqg,
    author = "Max Vanden Bemden",
    title = "Correctif de la séance 4 :
Simulation de l’interaction $e^+e^- \rightarrow q \bar{q}g$",
    url  = "https://homepage.iihe.ac.be/~vandenbe/Teaching/PHYS-F-477/newFormat/Seance4/Solution_seance4.pdf",
    addendum = "(accessed: 02.05.2024)",
    school = "Université Libre de Bruxelles"
}

@online{Cours-QCD,
    author = "Laurent Favart",
    title = "Physique des interactions fortes",
    url  = "https://www.iihe.ac.be/~lfavart/cours/Notes-PHYS-F477-202223.pdf",
    addendum = "(accessed: 02.05.2024)",
    school = "Université Libre de Bruxelles"
}

 @misc{cms, 
 title={CERN accelerating science}, 
 url={https://cmsexperiment.web.cern.ch/news/cms-detector-design}, 
 journal={CMS Detector Design | CMS Experiment}
 }
@online{codes,
    url = "https://github.com/adierckx/QCD-phys_F477/blob/1d0432b9c65bd77826dd548629e5420991aa1b2f/code_mix.cc"}

@article{thetaEK,
   title={Study of the orientation and energy partition of three-jet events in hadronic $Z^0$ decays},
   volume={55},
   ISSN={1089-4918},
   url={http://dx.doi.org/10.1103/PhysRevD.55.2533},
   DOI={10.1103/physrevd.55.2533},
   number={5},
   journal={Physical Review D},
   publisher={American Physical Society (APS)},
   author={Abe, K. and Abe, K. and Abt, I. and Akagi, T. and Allen, N. J. and Ash, W. W. and Aston, D. and Baird, K. G. and Baltay, C. and Band, H. R. and Barakat, M. B. and Baranko, G. and Bardon, O. and Barklow, T. and Bashindzhagyan, G. L. and Bazarko, A. O. and Ben-David, R. and Benvenuti, A. C. and Bilei, G. M. and Bisello, D. and Blaylock, G. and Bogart, J. R. and Bolton, T. and Bower, G. R. and Brau, J. E. and Breidenbach, M. and Bugg, W. M. and Burke, D. and Burnett, T. H. and Burrows, P. N. and Busza, W. and Calcaterra, A. and Caldwell, D. O. and Calloway, D. and Camanzi, B. and Carpinelli, M. and Cassell, R. and Castaldi, R. and Castro, A. and Cavalli-Sforza, M. and Chou, A. and Church, E. and Cohn, H. O. and Coller, J. A. and Cook, V. and Cotton, R. and Cowan, R. F. and Coyne, D. G. and Crawford, G. and D’Oliveira, A. and Damerell, C. J. S. and Daoudi, M. and De Sangro, R. and De Simone, P. and Dell’Orso, R. and Dervan, P. J. and Dima, M. and Dong, D. N. and Du, P. Y. C. and Dubois, R. and Eisenstein, B. I. and Elia, R. and Etzion, E. and Falciai, D. and Fan, C. and Fero, M. J. and Frey, R. and Furuno, K. and Gillman, T. and Gladding, G. and Gonzalez, S. and Hallewell, G. D. and Hart, E. L. and Hasan, A. and Hasegawa, Y. and Hasuko, K. and Hedges, S. and Hertzbach, S. S. and Hildreth, M. D. and Huber, J. and Huffer, M. E. and Hughes, E. W. and Hwang, H. and Iwasaki, Y. and Jackson, D. J. and Jacques, P. and Jaros, J. and Johnson, A. S. and Johnson, J. R. and Johnson, R. A. and Junk, T. and Kajikawa, R. and Kalelkar, M. and Kang, H. J. and Karliner, I. and Kawahara, H. and Kendall, H. W. and Kim, Y. and King, M. E. and King, R. and Kofler, R. R. and Krishna, N. M. and Kroeger, R. S. and Labs, J. F. and Langston, M. and Lath, A. and Lauber, J. A. and Leith, D. W. G. S. and Lia, V. and Liu, M. X. and Liu, X. and Loreti, M. and Lu, A. and Lynch, H. L. and Ma, J. and Mancinelli, G. and Manly, S. and Mantovani, G. and Markiewicz, T. W. and Maruyama, T. and Massetti, R. and Masuda, H. and Mazzucato, E. and McKemey, A. K. and Meadows, B. T. and Messner, R. and Mockett, P. M. and Moffeit, K. C. and Mours, B. and Muller, D. and Nagamine, T. and Narita, S. and Nauenberg, U. and Neal, H. and Nussbaum, M. and Ohnishi, Y. and Osborne, L. S. and Panvini, R. S. and Park, H. and Pavel, T. J. and Peruzzi, I. and Piccolo, M. and Piemontese, L. and Pieroni, E. and Pitts, K. T. and Plano, R. J. and Prepost, R. and Prescott, C. Y. and Punkar, G. D. and Quigley, J. and Ratcliff, B. N. and Reeves, T. W. and Reidy, J. and Rensing, P. E. and Rizzo, T. G. and Rochester, L. S. and Rowson, P. C. and Russell, J. J. and Saxton, O. H. and Schalk, T. and Schindler, R. H. and Schumm, B. A. and Sen, S. and Serbo, V. V. and Shaevitz, M. H. and Shank, J. T. and Shapiro, G. and Sherden, D. J. and Shmakov, K. D. and Simopoulos, C. and Sinev, N. B. and Smith, S. R. and Snyder, J. A. and Stamer, P. and Steiner, H. and Steiner, R. and Strauss, M. G. and Su, D. and Suekane, F. and Sugiyama, A. and Suzuki, S. and Swartz, M. and Szumilo, A. and Takahashi, T. and Taylor, F. E. and Torrence, E. and Trandafir, A. I. and Turk, J. D. and Usher, T. and Va’vra, J. and Vannini, C. and Vella, E. and Venuti, J. P. and Verdier, R. and Verdini, P. G. and Wagner, S. R. and Waite, A. P. and Watts, S. J. and Weidemann, A. W. and Weiss, E. R. and Whitaker, J. S. and White, S. L. and Wickens, F. J. and Williams, D. A. and Williams, D. C. and Williams, S. H. and Willocq, S. and Wilson, R. J. and Wisniewski, W. J. and Woods, M. and Word, G. B. and Wyss, J. and Yamamoto, R. K. and Yamartino, J. M. and Yang, X. and Yellin, S. J. and Young, C. C. and Yuta, H. and Zapalac, G. and Zdarko, R. W. and Zeitlin, C. and Zhou, J.},
   year={1997},
   month=mar, pages={2533–2545} }
